%% This BibTeX bibliography file was created using BibDesk.
%% http://bibdesk.sourceforge.net/

%% Created for Luca Rizzi at 2016-04-18 12:05:34 -1000 


%% Saved with string encoding Unicode (UTF-8) 



@article{2014AJ....148....7W,
	Adsnote = {Provided by the SAO/NASA Astrophysics Data System},
	Adsurl = {http://adsabs.harvard.edu/abs/2014AJ....148....7W},
	Archiveprefix = {arXiv},
	Author = {{Wu}, P.-F. and {Tully}, R.~B. and {Rizzi}, L. and {Dolphin}, A.~E. and {Jacobs}, B.~A. and {Karachentsev}, I.~D.},
	Date-Added = {2016-04-18 21:56:27 +0000},
	Date-Modified = {2016-04-18 21:56:27 +0000},
	Doi = {10.1088/0004-6256/148/1/7},
	Eid = {7},
	Eprint = {1404.2987},
	Journal = {\aj},
	Keywords = {galaxies: distances and redshifts, galaxies: stellar content, stars: Population II},
	Month = jul,
	Pages = {7},
	Title = {{Infrared Tip of the Red Giant Branch and Distances to the Maffei/IC 342 Group}},
	Volume = 148,
	Year = 2014,
	Bdsk-Url-1 = {http://dx.doi.org/10.1088/0004-6256/148/1/7}}

@article{2011ApJ...737..103S,
	Adsnote = {Provided by the SAO/NASA Astrophysics Data System},
	Adsurl = {http://adsabs.harvard.edu/abs/2011ApJ...737..103S},
	Archiveprefix = {arXiv},
	Author = {{Schlafly}, E.~F. and {Finkbeiner}, D.~P.},
	Date-Added = {2016-04-18 21:48:05 +0000},
	Date-Modified = {2016-04-18 21:48:05 +0000},
	Doi = {10.1088/0004-637X/737/2/103},
	Eid = {103},
	Eprint = {1012.4804},
	Journal = {\apj},
	Keywords = {dust, extinction, Galaxy: stellar content, ISM: clouds},
	Month = aug,
	Pages = {103},
	Primaryclass = {astro-ph.GA},
	Title = {{Measuring Reddening with Sloan Digital Sky Survey Stellar Spectra and Recalibrating SFD}},
	Volume = 737,
	Year = 2011,
	Bdsk-Url-1 = {http://dx.doi.org/10.1088/0004-637X/737/2/103}}

@article{2007ApJ...661..815R,
	Adsnote = {Provided by the SAO/NASA Astrophysics Data System},
	Adsurl = {http://esoads.eso.org/abs/2007ApJ...661..815R},
	Author = {{Rizzi}, L. and {Tully}, R.~B. and {Makarov}, D. and {Makarova}, L. and {Dolphin}, A.~E. and {Sakai}, S. and {Shaya}, E.~J.},
	Doi = {10.1086/516566},
	Eprint = {astro-ph/0701518},
	Journal = {\apj},
	Keywords = {Galaxies: Distances and Redshifts, Galaxies: Stellar Content, Stars: Population II},
	Month = jun,
	Pages = {815-829},
	Title = {{Tip of the Red Giant Branch Distances. II. Zero-Point Calibration}},
	Volume = 661,
	Year = 2007,
	Bdsk-Url-1 = {http://dx.doi.org/10.1086/516566}}

@article{2006AJ....132.2729M,
	Adsnote = {Provided by the SAO/NASA Astrophysics Data System},
	Adsurl = {http://adsabs.harvard.edu/abs/2006AJ....132.2729M},
	Author = {{Makarov}, D. and {Makarova}, L. and {Rizzi}, L. and {Tully}, R.~B. and {Dolphin}, A.~E. and {Sakai}, S. and {Shaya}, E.~J.},
	Doi = {10.1086/508925},
	Eprint = {astro-ph/0603073},
	Journal = {\aj},
	Keywords = {Galaxies: Distances and Redshifts, Galaxies: Stellar Content, Methods: Data Analysis},
	Month = dec,
	Pages = {2729-2742},
	Title = {{Tip of the Red Giant Branch Distances. I. Optimization of a Maximum Likelihood Algorithm}},
	Volume = 132,
	Year = 2006,
	Bdsk-Url-1 = {http://dx.doi.org/10.1086/508925}}

@article{1996ApJ...461..713S,
	Adsnote = {Provided by the SAO/NASA Astrophysics Data System},
	Adsurl = {http://adsabs.harvard.edu/abs/1996ApJ...461..713S},
	Author = {{Sakai}, S. and {Madore}, B.~F. and {Freedman}, W.~L.},
	Doi = {10.1086/177096},
	Journal = {\apj},
	Keywords = {GALAXIES: DISTANCES AND REDSHIFTS, GALAXIES: INDIVIDUAL NAME: SEXTANS A, STARS: HERTZSPRUNG-RUSSELL DIAGRAM, STARS: LUMINOSITY FUNCTION, MASS FUNCTION},
	Month = apr,
	Pages = {713},
	Title = {{Tip of the Red Giant Branch Distances to Galaxies. III. The Dwarf Galaxy Sextans A}},
	Volume = 461,
	Year = 1996,
	Bdsk-Url-1 = {http://dx.doi.org/10.1086/177096}}
